@article{37_ICLM,
author = {Guangcan Liu, Zhouchen Lin, and Yong Yu.},
year = {2010},
month = {07},
pages = {14391},
title = {Robust sub-space segmentation by low-rank representation.},
volume = {1},
journal = {ICLM},
doi = {10.1364/OE.23.014391}
}

@article{50_opticsletters,
author = {Junchao Zhang, Haibo Luo, Rongguang Liang, Ashfaq Ahmed, Xiangyue Zhang, Bin Hui, and Zheng Chang},
year = {2018},
month = {04},
pages = {1},
title = {Sparse representation-based demosaicing method for micro-grid polarimeter imagery},
volume = {58},
journal = {Optics letters},
doi = {10.1117/1.OE.58.8.082417}
}

